%%%%%%%%%%%%%%%%%%%%%%%%%%%%%%%%%%%%%%%%%%%%%%%%%%%%%%%%%%%%%%%%%%%%%%%%%%%%%%%%
%                    Readings for Tuesday 24 January 2017                      %
%%%%%%%%%%%%%%%%%%%%%%%%%%%%%%%%%%%%%%%%%%%%%%%%%%%%%%%%%%%%%%%%%%%%%%%%%%%%%%%%

% You will add new bibliography entries here for next Tuesday's readings


%%%%%%%%%%%%%%%%%%%%%%%%%%%%%%%%%%%%%%%%%%%%%%%%%%%%%%%%%%%%%%%%%%%%%%%%%%%%%%%%
%                    Readings for Thursday 19 January 2017                     %
%%%%%%%%%%%%%%%%%%%%%%%%%%%%%%%%%%%%%%%%%%%%%%%%%%%%%%%%%%%%%%%%%%%%%%%%%%%%%%%%

% Use the misc entry type for items like newspaper or magazine stories
@misc{lewiskrauss2015,
    author  = {Lewis-Krauss, Gideon},
    title   = {Is Translation an Art or a Math Problem?},
    year    = {2015},
    month   = {June},
    howpublished = {The New York Times Magazine},
    url     = {https://www.nytimes.com/2015/06/07/magazine/is-translation-an-art-or-a-math-problem.html}
}

@misc{greene2017,
    author  = {Greene, Lane},
    title   = {Language: Finding a Voice},
    year    = {2017},
    howpublished = {The Economist},
    url     = {http://www.economist.com/technology-quarterly/2017-05-01/language}
}

@misc{leschuster2016,
    author  = {Le, Quoc and Schuster, Mike},
    title   = {A Neural Network for Machine Translation, at Production Scale},
    year    = {2016},
    month   = {September},
    howpublished = {Google Research Blog},
    url     = {https://research.googleblog.com/2016/09/a-neural-network-for-machine.html}
}

@misc{schusteretal2016,
    author  = {Schuster, Mike and Johnson, Melvin and Thorat, Nikhil},
    title   = {Zero-Shot Translation with Googleâ€™s Multilingual Neural Machine Translation System},
    year    = {2016},
    month   = {November},
    howpublished = {Google Research Blog},
    url     = {https://research.googleblog.com/2016/11/zero-shot-translation-with-googles.html}
}

